@article{simple,
 author = {Lamport, Leslie},
 title = {Paxos Made Simple},
 year = {2001},
 month = dec,
 url = {https://www.microsoft.com/en-us/research/publication/paxos-made-simple/}
}

@article{moderately,
 author = {Van Renesse, Robbert and Altinbuken, Deniz},
 title = {Paxos Made Moderately Complex},
 journal = {ACM Comput. Surv.},
 issue_date = {April 2015},
 volume = {47},
 number = {3},
 month = feb,
 year = {2015},
 issn = {0360-0300},
 pages = {42:1--42:36},
 articleno = {42},
 numpages = {36},
 url = {http://doi.acm.org/10.1145/2673577},
 doi = {10.1145/2673577},
 acmid = {2673577},
 publisher = {ACM},
 address = {New York, NY, USA},
 keywords = {Replicated state machines, consensus, voting},
}

@article{Lamport:1998:PP:279227.279229,
 author = {Lamport, Leslie},
 title = {The Part-time Parliament},
 journal = {ACM Trans. Comput. Syst.},
 issue_date = {May 1998},
 volume = {16},
 number = {2},
 month = may,
 year = {1998},
 issn = {0734-2071},
 pages = {133--169},
 numpages = {37},
 url = {http://doi.acm.org/10.1145/279227.279229},
 doi = {10.1145/279227.279229},
 acmid = {279229},
 publisher = {ACM},
 address = {New York, NY, USA},
 keywords = {state machines, three-phase commit, voting},
} 

@online{VanRenesse:Internet,
 author = {Van Renesse, Robbert and Altinbuken, Deniz},
 title = {Paxos Made Moderately Complex},
 year = {2015},
 url = {https://paxos.systems},
 urldate = {2018-02-24}
}
